@incollection{aguiar_2024,
address = {Cham},
title = {Development and {Analysis} of {Multiscale} {Models} for {Tuberculosis}: {From} {Molecules} to {Populations}},
copyright = {All rights reserved},
isbn = {978-3-031-56793-3},
shorttitle = {Development and {Analysis} of {Multiscale} {Models} for {Tuberculosis}},
language = {en},
booktitle = {Predicting {Pandemics} in a {Globally} {Connected} {World}, {Volume} 2},
publisher = {Springer Nature Switzerland},
author = {Nanda, Pariksheet and Budak, Maral and Michael, Christian T. and Krupinsky, Kathryn and Kirschner, Denise E.},
author+an = {1=highlight},
editor = {Aguiar, Maira and Bellomo, Nicola and Chaplain, Mark},
year = 2024,
doi = {10.1007/978-3-031-56794-0_2},
note = {Series Title: Modeling and Simulation in Science, Engineering and Technology},
pages = {11--43},
}

@article{michael_2024,
title = {A framework for multi-scale intervention modeling: virtual cohorts, virtual clinical trials, and model-to-model comparisons},
volume = {3},
issn = {2674-0702},
shorttitle = {A framework for multi-scale intervention modeling},
doi = {10.3389/fsysb.2023.1283341},
journal = {Frontiers in Systems Biology},
author = {Michael, Christian T. and Almohri, Sayed Ahmad and Linderman, Jennifer J. and Kirschner, Denise E.},
month = jan,
year = {2024},
pages = {1283341},
}

@article{laubenbacher_2024,
title = {Toward mechanistic medical digital twins: some use cases in immunology.},
volume = {6},
copyright = {© 2024 Laubenbacher, Adler, An, Castiglione, Eubank, Fonseca, Glazier, Helikar, Jett-Tilton, Kirschner, Macklin, Mehrad, Moore, Pasour, Shmulevich, Smith, Voigt,  Yankeelov and Ziemssen.},
issn = {2673-253X},
doi = {10.3389/fdgth.2024.1349595},
language = {eng},
journal = {Frontiers in digital health},
author = {Laubenbacher, Reinhard and Adler, Fred and An, Gary and Castiglione, Filippo and Eubank, Stephen and Fonseca, Luis L. and Glazier, James and Helikar, Tomas and Jett-Tilton, Marti and Kirschner, Denise and Macklin, Paul and Mehrad, Borna and Moore, Beth and Pasour, Virginia and Shmulevich, Ilya and Smith, Amber and Voigt, Isabel and Yankeelov, Thomas E. and Ziemssen, Tjalf},
year = {2024},
pmid = {38515550},
pmcid = {PMC10955144},
pages = {1349595},
}

@book{monge_1781,
title = {Mémoire sur la théorie des déblais et des remblais},
language = {French},
publisher = {Histoire de l'Académie royale des sciences},
author = {Monge, Gaspard},
year = {1781},
}

@article{brenier_1991,
title = {Polar factorization and monotone rearrangement of vector‐valued functions},
volume = {44},
issn = {0010-3640, 1097-0312},
doi = {10.1002/cpa.3160440402},
language = {en},
number = {4},
journal = {Communications on Pure and Applied Mathematics},
author = {Brenier, Yann},
month = jun,
year = {1991},
pages = {375--417},
}

@book{villani_2003,
address = {Providence (R.I.)},
series = {Graduate studies in mathematics},
title = {Topics in optimal transportation},
isbn = {978-0-8218-3312-4},
language = {eng},
number = {58},
publisher = {American mathematical society},
author = {Villani, Cédric},
year = {2003},
}

@article{kantorovich_2006,
title = {On the {Translocation} of {Masses}},
volume = {133},
copyright = {http://www.springer.com/tdm},
issn = {1072-3374, 1573-8795},
doi = {10.1007/s10958-006-0049-2},
language = {en},
number = {4},
journal = {Journal of Mathematical Sciences},
author = {Kantorovich, L. V.},
month = mar,
year = {2006},
pages = {1381--1382},
}

@unpublished{nanda_mibi,
title = {A tuberculosis tissue time machine predicts drivers of granuloma outcomes},
author = {Pariksheet Nanda and Erin F. McCaffery and Alea C. Delmastro and Gabrielle Michael and Joshua T. Mattila and JoAnne L. Flynn and R. Michael Angelo and Denise E. Kirschner},
author+an = {1=highlight},
note = {Manuscript in preparation},
}

@article{nanda_calibration_2023,
title = {Calibration methods to fit parameters within complex biological models},
author = {Pariksheet Nanda and Denise E. Kirschner},
author+an = {1=highlight},
journal = {Frontiers in Applied Mathematics and Statistics},
year = {2023},
month = oct,
volume = {9},
ISSN = {2297-4687},
doi = {10.3389/fams.2023.1256443},
}

@article{krupinsky_2025,
title = {Distinguishing multiple roles of T cell and macrophage involvement in determining lymph node fates during Mycobacterium tuberculosis infection},
volume = {21},
issn = {1553-7358},
doi = {10.1371/journal.pcbi.1013033},
pages = {e1013033},
number = {5},
journaltitle = {{PLOS} Computational Biology},
shortjournal = {{PLoS} Comput Biol},
author = {Krupinsky, Kathryn C. and Michael, Christian T. and Nanda, Pariksheet and Mattila, Joshua T. and Kirschner, Denise},
author+an = {3=highlight},
editor = {Smith, Amber M.},
date = {2025-05-07},
langid = {english},
}

@article{cicchese_2017,
title = {Applying {Optimization} {Algorithms} to {Tuberculosis} {Antibiotic} {Treatment} {Regimens}},
volume = {10},
issn = {1865-5025, 1865-5033},
doi = {10.1007/s12195-017-0507-6},
language = {en},
number = {6},
journal = {Cellular and Molecular Bioengineering},
author = {Cicchese, Joseph M. and Pienaar, Elsje and Kirschner, Denise E. and Linderman, Jennifer J.},
month = dec,
year = {2017},
pages = {523--535},
}

@article{budak_2023,
title = {Optimizing tuberculosis treatment efficacy: {Comparing} the standard regimen with {Moxifloxacin}-containing regimens},
volume = {19},
issn = {1553-7358},
shorttitle = {Optimizing tuberculosis treatment efficacy},
doi = {10.1371/journal.pcbi.1010823},
language = {en},
number = {6},
journal = {PLOS Computational Biology},
author = {Budak, Maral and Cicchese, Joseph M. and Maiello, Pauline and Borish, H. Jacob and White, Alexander G. and Chishti, Harris B. and Tomko, Jaime and Frye, L. James and Fillmore, Daniel and Kracinovsky, Kara and Sakal, Jennifer and Scanga, Charles A. and Lin, Philana Ling and Dartois, Véronique and Linderman, Jennifer J. and Flynn, JoAnne L. and Kirschner, Denise E.},
editor = {Jenner, Adrianne L.},
month = jun,
year = {2023},
pages = {e1010823},
}

@unpublished{budak_2025,
title = {A novel machine-learning based optimization: identifying new treatment regimens for tuberculosis},
author = {Maral Budak and Pariksheet Nanda and Denise E. Kirschner},
author+an = {2=highlight},
note = {Numer. Algebra Control Optim. Submitted on Mar. 17, 2025},
publisher = {American Institute of Mathematical Sciences (AIMS)},
}

@article{budak_2024,
title = {A systematic efficacy analysis of tuberculosis treatment with BPaL-containing regimens using a multi-scale modeling approach},
journaltitle = {{CPT}: Pharmacometrics \& Systems Pharmacology},
shortjournal = {{CPT} Pharmacom \& Syst Pharma},
author = {Budak, Maral and Via, Laura E. and Weiner, Danielle M. and Barry, Clifton E. and Nanda, Pariksheet and Michael, Gabrielle and Mdluli, Khisimuzi and Kirschner, Denise},
author+an = {5=highlight},
issn = {2163-8306, 2163-8306},
doi = {10.1002/psp4.13117},
language = {en},
langid = {english},
date = {2024-04},
pages = {673--685},
volume = {13},
number = {4},
}

@article{ziraldo_2016,
title = {Strategic {Priming} with {Multiple} {Antigens} can {Yield} {Memory} {Cell} {Phenotypes} {Optimized} for {Infection} with {Mycobacterium} tuberculosis: {A} {Computational} {Study}},
volume = {6},
issn = {1664-302X},
shorttitle = {Strategic {Priming} with {Multiple} {Antigens} can {Yield} {Memory} {Cell} {Phenotypes} {Optimized} for {Infection} with {Mycobacterium} tuberculosis},
doi = {10.3389/fmicb.2015.01477},
journal = {Frontiers in Microbiology},
author = {Ziraldo, Cordelia and Gong, Chang and Kirschner, Denise E. and Linderman, Jennifer J.},
month = jan,
year = {2016},
}

@article{joslyn_2018,
title = {Integrating {Non}-human {Primate}, {Human}, and {Mathematical} {Studies} to {Determine} the {Influence} of {BCG} {Timing} on {H56} {Vaccine} {Outcomes}},
volume = {9},
issn = {1664-302X},
doi = {10.3389/fmicb.2018.01734},
journal = {Frontiers in Microbiology},
author = {Joslyn, Louis R. and Pienaar, Elsje and DiFazio, Robert M. and Suliman, Sara and Kagina, Benjamin M. and Flynn, JoAnne L. and Scriba, Thomas J. and Linderman, Jennifer J. and Kirschner, Denise E.},
month = aug,
year = {2018},
pages = {1734},
}

@article{wessler_2020,
title = {A computational model tracks whole-lung {Mycobacterium} tuberculosis infection and predicts factors that inhibit dissemination},
volume = {16},
issn = {1553-7358},
doi = {10.1371/journal.pcbi.1007280},
language = {en},
number = {5},
journal = {PLOS Computational Biology},
author = {Wessler, Timothy and Joslyn, Louis R. and Borish, H. Jacob and Gideon, Hannah P. and Flynn, JoAnne L. and Kirschner, Denise E. and Linderman, Jennifer J.},
editor = {Wodarz, Dominik},
month = may,
year = {2020},
pages = {e1007280},
}

@article{joslyn_2022,
title = {Concomitant immunity to {M}. tuberculosis infection},
volume = {12},
issn = {2045-2322},
doi = {10.1038/s41598-022-24516-8},
language = {en},
number = {1},
journal = {Scientific Reports},
author = {Joslyn, Louis R. and Flynn, JoAnne L. and Kirschner, Denise E. and Linderman, Jennifer J.},
month = dec,
year = {2022},
pages = {20731},
}

@article{sud_2006,
title = {Contribution of {CD8}+ {T} {Cells} to {Control} of \textit{{Mycobacterium} tuberculosis} {Infection}},
volume = {176},
issn = {0022-1767, 1550-6606},
doi = {10.4049/jimmunol.176.7.4296},
language = {en},
number = {7},
journal = {The Journal of Immunology},
author = {Sud, Dhruv and Bigbee, Carolyn and Flynn, JoAnne L. and Kirschner, Denise E.},
month = apr,
year = {2006},
pages = {4296--4314},
}

@article{mirsky_2011,
title = {Systems biology approaches for understanding cellular mechanisms of immunity in lymph nodes during infection},
volume = {287},
issn = {1095-8541},
doi = {10.1016/j.jtbi.2011.06.037},
language = {eng},
journal = {Journal of Theoretical Biology},
author = {Mirsky, Henry P. and Miller, Mark J. and Linderman, Jennifer J. and Kirschner, Denise E.},
month = oct,
year = {2011},
pmid = {21798267},
pmcid = {PMC4504675},
pages = {160--170},
}

@article{warsinske_2016,
title = {Computational {Modeling} {Predicts} {Simultaneous} {Targeting} of {Fibroblasts} and {Epithelial} {Cells} {Is} {Necessary} for {Treatment} of {Pulmonary} {Fibrosis}},
volume = {7},
issn = {1663-9812},
doi = {10.3389/fphar.2016.00183},
journal = {Frontiers in Pharmacology},
author = {Warsinske, Hayley C. and Wheaton, Amanda K. and Kim, Kevin K. and Linderman, Jennifer J. and Moore, Bethany B. and Kirschner, Denise E.},
month = jun,
year = {2016},
}

@misc{enthought_2012,
title = {{Python} for {Scientists} and {Engineers}},
url = {https://www.enthought.com/resource/python-for-scientists-engineers/},
author = {Kern, Robert},
year = {2012},
}

@article{guo_optimization_2015,
title = {Optimization of sampling pattern and the design of {Fourier} ptychographic illuminator},
volume = {23},
doi = {10.1364/OE.23.006171},
number = {5},
journal = {Optics Express},
author = {Guo, Kaikai and Dong, Siyuan and Nanda, Pariksheet and Zheng, Guoan},
author+an = {3=highlight},
month = mar,
year = {2015},
pages = {6171--6180},
}

@article{guo_inverse_2015,
author = {Kaikai Guo and Zichao Bian and Siyuan Dong and Pariksheet Nanda and Ying Min Wang and Guoan Zheng},
author+an = {4=highlight},
journal = {Biomedical Optics Express},
number = 2,
pages = {574--579},
publisher = {OSA},
title = {Microscopy illumination engineering using a low-cost liquid crystal display},
volume = 6,
month = feb,
year = 2015,
doi = {10.1364/BOE.6.000574},
}

@article{dong_incoherent_2015,
author = {Siyuan Dong and Pariksheet Nanda and Kaikai Guo and Jun Liao and Guoan Zheng},
author+an = {2=highlight},
journal = {Photon. Res.},
number = {1},
pages = {19--23},
publisher = {OSA},
title = {Incoherent Fourier ptychographic photography using structured light},
volume = {3},
month = feb,
year = 2015,
doi = {10.1364/PRJ.3.000019},
}

@article{dong_fpscope_2014,
title = {{FPscope}: a field-portable high-resolution microscope using a cellphone lens},
volume = {5},
shorttitle = {{FPscope}},
doi = {10.1364/BOE.5.003305},
number = {10},
journal = {Biomedical Optics Express},
author = {Dong, Siyuan and Guo, Kaikai and Nanda, Pariksheet and Shiradkar, Radhika and Zheng, Guoan},
author+an = {3=highlight},
month = oct,
year = {2014},
pages = {3305--3310},
}

@article{dong_spectral_2014,
title = {Spectral multiplexing and coherent-state decomposition in {Fourier} ptychographic imaging},
volume = {5},
doi = {10.1364/BOE.5.001757},
number = {6},
journal = {Biomedical Optics Express},
author = {Dong, Siyuan and Shiradkar, Radhika and Nanda, Pariksheet and Zheng, Guoan},
author+an = {3=highlight},
month = jun,
year = {2014},
pages = {1757--1767},
}

@article{dong_high-resolution_2014,
title = {High-resolution fluorescence imaging via pattern-illuminated {Fourier} ptychography},
volume = {22},
doi = {10.1364/OE.22.020856},
number = {17},
journal = {Optics Express},
author = {Dong, Siyuan and Nanda, Pariksheet and Shiradkar, Radhika and Guo, Kaikai and Zheng, Guoan},
author+an = {2=highlight},
month = aug,
year = 2014,
pages = {20856--20870},
}

@phdthesis{nanda_2022,
title = {Mixture and temporal modeling of nascent RNA transcription},
author = {Pariksheet Nanda},
author+an = {1=highlight},
school = {University of Connecticut},
year = 2022,
month = mar,
url = {http://hdl.handle.net/11134/20002:860695786},
type = {PhD dissertation},
address = {Storrs, CT},
note = {major advisor: Leighton J. Core, associate advisors: Derek C. Aguiar, Paul O. Lewis, Charles Giardina, Rachel J. O'Neill},
}

@article{flamary_2021,
title = {{POT}: {Python} {Optimal} {Transport}},
volume = {22},
url = {http://jmlr.org/papers/v22/20-451.html},
number = {78},
journal = {Journal of Machine Learning Research},
author = {Flamary, Rémi and Courty, Nicolas and Gramfort, Alexandre and Alaya, Mokhtar Z. and Boisbunon, Aurélie and Chambon, Stanislas and Chapel, Laetitia and Corenflos, Adrien and Fatras, Kilian and Fournier, Nemo and Gautheron, Léo and Gayraud, Nathalie T. H. and Janati, Hicham and Rakotomamonjy, Alain and Redko, Ievgen and Rolet, Antoine and Schutz, Antony and Seguy, Vivien and Sutherland, Danica J. and Tavenard, Romain and Tong, Alexander and Vayer, Titouan},
year = {2021},
pages = {1--8},
}

@article{mahat_2016,
title = {Base-pair-resolution genome-wide mapping of active {RNA} polymerases using precision nuclear run-on ({PRO}-seq)},
volume = {11},
issn = {1754-2189},
doi = {10.1038/nprot.2016.086},
language = {en},
number = {8},
journal = {Nature Protocols},
author = {Mahat, Dig Bijay and Kwak, Hojoong and Booth, Gregory T. and Jonkers, Iris H. and Danko, Charles G. and Patel, Ravi K. and Waters, Colin T. and Munson, Katie and Core, Leighton J. and Lis, John T.},
month = aug,
year = {2016},
pages = {1455--1476}
}

@article{blumberg_2021,
title = {Characterizing {RNA} stability genome-wide through combined analysis of {PRO}-seq and {RNA}-seq data},
volume = {19},
issn = {1741-7007},
doi = {10.1186/s12915-021-00949-x},
number = {1},
journal = {BMC Biology},
author = {Blumberg, Amit and Zhao, Yixin and Huang, Yi-Fei and Dukler, Noah and Rice, Edward J. and Chivu, Alexandra G. and Krumholz, Katie and Danko, Charles G. and Siepel, Adam},
month = feb,
year = {2021},
pages = {30}
}

@article{adiconis_2018,
title = {Comprehensive comparative analysis of 5'-end {RNA}-sequencing methods},
volume = {15},
issn = {1548-7091, 1548-7105},
doi = {10.1038/s41592-018-0014-2},
language = {en},
number = {7},
journal = {Nature Methods},
author = {Adiconis, Xian and Haber, Adam L. and Simmons, Sean K. and Levy Moonshine, Ami and Ji, Zhe and Busby, Michele A. and Shi, Xi and Jacques, Justin and Lancaster, Madeline A. and Pan, Jen Q. and Regev, Aviv and Levin, Joshua Z.},
month = jul,
year = {2018},
pages = {505--511}
}

@article{core_2008,
title = {Nascent {RNA} {Sequencing} {Reveals} {Widespread} {Pausing} and {Divergent} {Initiation} at {Human} {Promoters}},
volume = {322},
issn = {0036-8075},
doi = {10.1126/science.1162228},
number = {5909},
journal = {Science (New York, N.Y.)},
author = {Core, Leighton J. and Waterfall, Joshua J. and Lis, John T.},
month = dec,
year = {2008},
pmid = {19056941},
pmcid = {PMC2833333},
pages = {1845--1848}
}

@software{ortools,
title = {OR-Tools},
version = {v9.12},
author = {Laurent Perron and Vincent Furnon},
organization = {Google},
url = {https://developers.google.com/optimization/},
date = {2025-02-17}
}

@misc{nvidia_2024,
title = {Pittsburgh {Steels} {Itself} for {Innovation} {With} {Launch} of {NVIDIA} {AI} {Tech} {Community}},
url = {https://blogs.nvidia.com/blog/pittsburgh-ai-tech-community/},
journal = {NVIDIA Blog},
author = {Goel, Amit},
month = oct,
year = {2024},
}

@misc{nvidia_2025,
title = {{NVIDIA} collaboration powers {AI} ambitions},
url = {https://www.pittmed.pitt.edu/news/nvidia-joint-center-university-of-pittsburgh-ai-tech-community-gov-josh-shapiro},
journal = {Pitt Magazine},
author = {Aubele, Michael},
month = jan,
year = {2025},
}

@article{ecp_2017,
title = {The {Exascale} {Computing} {Project}},
volume = {19},
issn = {1521-9615, 1558-366X},
doi = {10.1109/MCSE.2017.57},
number = {3},
journal = {Computing in Science \& Engineering},
author = {Messina, Paul},
month = may,
year = {2017},
pages = {63--67},
}

@techreport{ecp_2024,
title = {"{Forward}" {Projects} {Boost} {U}.{S}. {Leadership} in {Advanced} {Computing} and {Artificial} {Intelligence}},
number = {LLNL--TR-867165, 2477885, 1101595},
urldate = {2025-06-14},
author = {Meissner, Caryn},
month = nov,
year = {2024},
doi = {10.2172/2477885},
}

@techreport{top500,
title = {{TOP500}},
url = {https://top500.org/lists/top500/2025/06/},
institution = {65th edition},
month = jun,
year = {2025},
}

@software{gromacs,
title = {GROMACS},
version = {v2025.2},
organization = {GROMACS development team},
url = {https://www.gromacs.org},
date = {2025-05-12}
}

@techreport{mmbios_2012,
title = {High {Performance} {Computing} for {Multiscale} {Modeling} of {Biological} {Systems}},
url = {https://reporter.nih.gov/project-details/10228743},
number = {P41GM103712},
institution = {NIH},
author = {Faeder, James R.},
month = sep,
year = {2012},
}

@article{marino_2018,
title = {The {Role} of {Dimensionality} in {Understanding} {Granuloma} {Formation}},
volume = {6},
issn = {2079-3197},
doi = {10.3390/computation6040058},
language = {en},
number = {4},
journal = {Computation},
author = {Marino, Simeone and Hult, Caitlin and Wolberg, Paul and Linderman, Jennifer and Kirschner, Denise},
month = nov,
year = {2018},
pages = {58},
}


@article{palmer_2023,
title = {{BMX}: {Biological} modelling and interface exchange},
volume = {13},
issn = {2045-2322},
shorttitle = {{BMX}},
doi = {10.1038/s41598-023-39150-1},
language = {en},
number = {1},
journal = {Scientific Reports},
author = {Palmer, Bruce J. and Almgren, Ann S. and Johnson, Connah G. M. and Myers, Andrew T. and Cannon, William R.},
month = jul,
year = {2023},
pages = {12235},
}

@misc{bmx,
title = {{BMX}},
copyright = {BSD 2-Clause "Simplified" License},
url = {https://zenodo.org/doi/10.5281/zenodo.13851660},
publisher = {Zenodo},
author = {Palmer, Bruce and Johnson, Connah and Almgren, Ann and Myers, Andrew and Cannon, William},
month = sep,
year = {2024},
doi = {10.5281/ZENODO.13851660},
}

@misc{paul_2022,
title = {{FDA} {Modernization} {Act} 2.0},
url = {https://www.congress.gov/bill/117th-congress/senate-bill/5002},
author = {Paul, Randal Howard and Booker, Cory Anthony},
month = dec,
year = 2022,
note = {S.5002 117th Congress (2021-2022)}
}

@article{fda_2025,
title = {{FDA} pushes to replace animal testing},
volume = {43},
issn = {1087-0156, 1546-1696},
doi = {10.1038/s41587-025-02690-0},
language = {en},
number = {5},
journal = {Nature Biotechnology},
month = may,
year = {2025},
pages = {655--655},
}

@article{allan_2012,
title = {{OMERO}: flexible, model-driven data management for experimental biology},
volume = {9},
copyright = {http://www.springer.com/tdm},
issn = {1548-7091, 1548-7105},
shorttitle = {{OMERO}},
doi = {10.1038/nmeth.1896},
language = {en},
number = {3},
journal = {Nature Methods},
author = {Allan, Chris and Burel, Jean-Marie and Moore, Josh and Blackburn, Colin and Linkert, Melissa and Loynton, Scott and MacDonald, Donald and Moore, William J and Neves, Carlos and Patterson, Andrew and Porter, Michael and Tarkowska, Aleksandra and Loranger, Brian and Avondo, Jerome and Lagerstedt, Ingvar and Lianas, Luca and Leo, Simone and Hands, Katherine and Hay, Ron T and Patwardhan, Ardan and Best, Christoph and Kleywegt, Gerard J and Zanetti, Gianluigi and Swedlow, Jason R},
month = mar,
year = {2012},
pages = {245--253},
}

@misc{stallman_2021,
title = {License Compatibility and Relicensing},
rights = {{CC}-{BY}-{ND}-4.0},
url = {https://www.gnu.org/licenses/license-compatibility.html},
publisher = {Free Software Foundation, Inc.},
author = {Stallman, Richard},
date = {2021-12-29},
}

@book{meeker_2015,
location = {North Charleston, {SC}},
title = {Open (Source) for business: a practical guide to Open Source software licensing},
isbn = {978-1-5116-1777-2},
shorttitle = {Open (Source) for business},
pagetotal = {329},
publisher = {{CreateSpace} Independent Publishing Platform},
author = {Meeker, Heather J.},
date = {2015},
}

@online{ospo_2022,
title = {Sloan Foundation Funds New Office to Support Open Source Activities},
url = {https://www.cmu.edu/news/stories/archives/2022/july/sloan-foundation-funds-new-office-to-support-open-source-activities},
titleaddon = {News - Carnegie Mellon University},
author = {Riffe, Shannon},
date = {2022-07-26},
}

@article{kokkos_2014,
title = {Kokkos: {Enabling} manycore performance portability through polymorphic memory access patterns},
volume = {74},
issn = {07437315},
shorttitle = {Kokkos},
doi = {10.1016/j.jpdc.2014.07.003},
language = {en},
number = {12},
journal = {Journal of Parallel and Distributed Computing},
author = {Carter Edwards, H. and Trott, Christian R. and Sunderland, Daniel},
month = dec,
year = {2014},
pages = {3202--3216},
}

@article{tavare_1997,
title = {Inferring {Coalescence} {Times} {From} {DNA} {Sequence} {Data}},
volume = {145},
issn = {1943-2631},
doi = {10.1093/genetics/145.2.505},
language = {en},
number = {2},
journal = {Genetics},
author = {Tavaré, Simon and Balding, David J and Griffiths, R C and Donnelly, Peter},
month = feb,
year = {1997},
pages = {505--518},
}

@article{fu_1997,
title = {Estimating the age of the common ancestor of a sample of {DNA} sequences},
volume = {14},
issn = {0737-4038, 1537-1719},
doi = {10.1093/oxfordjournals.molbev.a025753},
language = {en},
number = {2},
journal = {Molecular Biology and Evolution},
author = {Fu, Y. X. and Li, W. H.},
month = feb,
year = {1997},
pages = {195--199},
}

@article{pritchard_1999,
title = {Population growth of human {Y} chromosomes: a study of {Y} chromosome microsatellites},
volume = {16},
issn = {0737-4038, 1537-1719},
doi = {10.1093/oxfordjournals.molbev.a026091},
language = {en},
number = {12},
journal = {Molecular Biology and Evolution},
author = {Pritchard, J. K. and Seielstad, M. T. and Perez-Lezaun, A. and Feldman, M. W.},
month = dec,
year = {1999},
pages = {1791--1798},
}

@book{sisson_2019,
address = {Boca Raton},
title = {Handbook of approximate {Bayesian} computation},
isbn = {978-1-315-11719-5},
publisher = {CRC Press, Taylor and Francis Group},
editor = {Sisson, S. A. and Fan, Y. and Beaumont, M. A.},
year = {2019},
}

@techreport{scidac_2000,
title = {Scientific {Discovery} through {Advanced} {Computing}},
url = {https://scidac.gov/documents/SciDAC.pdf},
institution = {Office of Science, U.S. Department of Energy},
month = mar,
year = {2000},
}

@article{bioc_2015,
author = {W. Huber and V. J. Carey and R. Gentleman and S. Anders and M. Carlson and B. S. Carvalho and H. C. Bravo and S. Davis and L. Gatto and T. Girke and R. Gottardo and F. Hahne and K. D. Hansen and R. A. Irizarry and M. Lawrence and M. I. Love and J. MacDonald and V. Obenchain and A. K. {Ole's} and H. {Pag`es} and A. Reyes and P. Shannon and G. K. Smyth and D. Tenenbaum and L. Waldron and M. Morgan},
title = {{O}rchestrating high-throughput genomic analysis with {B}ioconductor},
journal = {Nature Methods},
year = 2015,
volume = 12,
number = 2,
pages = {115--121},
doi = {10.1038/nmeth.3252},
}

@inproceedings{spack_2015,
address = {Austin Texas},
title = {The {Spack} package manager: bringing order to {HPC} software chaos},
isbn = {978-1-4503-3723-6},
shorttitle = {The {Spack} package manager},
doi = {10.1145/2807591.2807623},
language = {en},
booktitle = {Proceedings of the {International} {Conference} for {High} {Performance} {Computing}, {Networking}, {Storage} and {Analysis}},
publisher = {ACM},
author = {Gamblin, Todd and LeGendre, Matthew and Collette, Michael R. and Lee, Gregory L. and Moody, Adam and de Supinski, Bronis R. and Futral, Scott},
month = nov,
year = {2015},
pages = {1--12},
}